@misc{xlike,
  howpublished = {\url{http://www.xlike.org/}}
},
@misc{snap,
  author       = {Jure Leskovec and Rok Sosi\v{c}},
  title        = {{SNAP}: A general purpose network analysis and graph mining library in {C++}},
  howpublished = {\url{http://snap.stanford.edu/snap}},
  month        = jun,
  year         = 2014
},
@article{clauset-newman-moore,
  title = {Finding community structure in very large networks},
  author = {Aaron Clauset and M. E. J. Newman and Christopher Moore},
  journal = {Physical Review E.},
  volume = 70,
  number = 6,
  year = 2004
}

@article{har2012approximate,
title={Approximate Nearest Neighbor: Towards Removing the Curse of Dimensionality.},
author={Har-Peled, Sariel and Indyk, Piotr and Motwani, Rajeev},
journal={Theory of computing},
volume={8},
number={1},
pages={321--350},
year={2012}
}

@book{knuth1998taocp3,
author = {Knuth, Donald E.},
title = {Sorting and Searching},
series = {The Art of Computer Programming},
volume = 3,
edition = {second},
year = {1998},
isbn = {0-201-89685-0},
publisher = {Addison Wesley Longman Publishing Co., Inc.},
address = {Redwood City, CA, USA},
}

@article{tropp,
 author = {Halko, N. and Martinsson, P. G. and Tropp, J. A.},
 title = {Finding Structure with Randomness: Probabilistic Algorithms for Constructing Approximate Matrix Decompositions},
 journal = {SIAM Rev.},
 issue_date = {May 2011},
 volume = {53},
 number = {2},
 month = may,
 year = {2011},
 issn = {0036-1445},
 pages = {217--288},
 numpages = {72},
 url = {http://dx.doi.org/10.1137/090771806},
 doi = {10.1137/090771806},
 acmid = {2078881},
 publisher = {Society for Industrial and Applied Mathematics},
 address = {Philadelphia, PA, USA},
 keywords = {Johnson-Lindenstrauss lemma, dimension reduction, eigenvalue decomposition, interpolative decomposition, matrix approximation, parallel algorithm, pass-efficient algorithm, principal component analysis, random matrix, randomized algorithm, rank-revealing QR factorization, singular value decomposition, streaming algorithm},
}
